@book{PMC,
  author    = {Christel Baier and
               Joost{-}Pieter Katoen},
  title     = {Principles of model checking},
  publisher = {{MIT} Press},
  year      = {2008},
  isbn      = {978-0-262-02649-9},
  timestamp = {Tue, 15 Feb 2011 11:22:37 +0100},
  biburl    = {http://dblp.uni-trier.de/rec/bib/books/daglib/0020348},
  bibsource = {dblp computer science bibliography, http://dblp.org},
}

@book{MRV,
  author = {Mickael Randour},
  institution = {ULB},
  school = {ULB},
  publisher = {{ULB}},
  title = {Formal verification of computer systems},
  year = {2016}
}

@inproceedings{DBLP:journals/corr/RandourRS14a,
  author    = {Mickael Randour and
               Jean{-}Fran{\c{c}}ois Raskin and
               Ocan Sankur},
  title     = {Variations on the Stochastic Shortest Path Problem},
  booktitle = {Verification, Model Checking, and Abstract Interpretation - 16th International
               Conference, {VMCAI} 2015, Mumbai, India, January 12-14, 2015. Proceedings},
  pages     = {1--18},
  year      = {2015},
  crossref  = {DBLP:conf/vmcai/2015},
  doi       = {10.1007/978-3-662-46081-8_1},
  timestamp = {Wed, 24 May 2017 08:30:31 +0200},
}

@article{KYV,
  author    = {Kousha Etessami and
               Marta Z. Kwiatkowska and
               Moshe Y. Vardi and
               Mihalis Yannakakis},
  title     = {Multi-Objective Model Checking of Markov Decision Processes},
  journal   = {Logical Methods in Computer Science},
  volume    = {4},
  number    = {4},
  year      = {2008},
  doi       = {10.2168/LMCS-4(4:8)2008},
  timestamp = {Sat, 20 May 2017 00:22:52 +0200},
  biburl    = {http://dblp.org/rec/bib/journals/lmcs/EtessamiKVY08},
  bibsource = {dblp computer science bibliography, http://dblp.org}
}
